@book{CameronTrivedi2013,
  author    = {A. Colin Cameron and Pravin K. Trivedi},
  title     = {Regression Analysis of Count Data},
  year      = {2013},
  edition   = {2nd},
  publisher = {Cambridge University Press},
  address   = {Cambridge}
}

@article{rowe2023urban,
  title={Urban exodus? {Understanding human mobility in Britain during the COVID-19 pandemic using Meta-Facebook data}},
  author={Rowe, Francisco and Calafiore, Alessia and Arribas-Bel, Daniel and Samardzhiev, Krasen and Fleischmann, Martin},
  journal={Population, Space and Place},
  volume={29},
  number={1},
  pages={e2637},
  year={2023},
  publisher={Wiley Online Library}
}

@article{reilly1929methods,
  title={Methods for the study of retail relationships},
  author={Reilly, WJ},
  year={1929},
  publisher={University of Texas at Austin}
}

@book{fotheringham_okelly1989,
	title = {Spatial Interaction Models: Formulations and Applications},
	editor = {Fotheringham, AS and O'Kelly, ME},
	year = {1989},
	publisher = {Kluwer Academic Publishers. Dordrechit}
}
@inbook{rowe2024,
	title = {Spatial interaction modelling: a manifesto},
	author = {Rowe, Francisco and Lovelace, Robin and Dennett, Adam},
	year = {2024},
	month = {05},
	date = {2024-05-03},
	publisher = {Edward Elgar Publishing},
	pages = {177--196},
	doi = {10.4337/9781802203233.00019},
	url = {http://dx.doi.org/10.4337/9781802203233.00019}
}

@article{wilson1971,
	title = {A Family of Spatial Interaction Models, and Associated Developments},
	author = {Wilson, A G},
	year = {1971},
	month = {03},
	date = {1971-03},
	journal = {Environment and Planning A: Economy and Space},
	pages = {1--32},
	volume = {3},
	number = {1},
	doi = {10.1068/a030001},
	url = {http://dx.doi.org/10.1068/a030001},
	langid = {en}
}
